
@article{Turchette2000,
  title={Heating of trapped ions from the quantum ground state},
  author={Turchette, Q. A. and others},
  journal={Phys. Rev. A},
  volume={61},
  pages={063418},
  year={2000}
}
@article{Wineland1998,
  title={Experimental issues in coherent quantum-state manipulation of trapped atomic ions},
  author={Wineland, D. J. and others},
  journal={J. Res. Natl. Inst. Stand. Technol.},
  volume={103},
  pages={259},
  year={1998}
}
@article{Brownnutt2015,
  title={Ion-trap measurements of electric-field noise near surfaces},
  author={Brownnutt, M. and Kumph, M. and Rabl, P. and Blatt, R.},
  journal={Rev. Mod. Phys.},
  volume={87},
  pages={1419--1482},
  year={2015}
}
@book{Kamenev2011,
  title={Field Theory of Non-Equilibrium Systems},
  author={Kamenev, A.},
  publisher={Cambridge University Press},
  year={2011}
}

@book{Sornette2006,
  title={Critical Phenomena in Natural Sciences: Chaos, Fractals, Selforganization and Disorder},
  author={Sornette, D.},
  edition={2nd},
  publisher={Springer},
  year={2006}
}
