
@article{Turchette2000,
  title={Heating of trapped ions from the quantum ground state},
  author={Turchette, Q. A. and others},
  journal={Phys. Rev. A},
  volume={61},
  pages={063418},
  year={2000}
}
@article{Wineland1998,
  title={Experimental issues in coherent quantum-state manipulation of trapped atomic ions},
  author={Wineland, D. J. and others},
  journal={J. Res. Natl. Inst. Stand. Technol.},
  volume={103},
  pages={259},
  year={1998}
}
@article{Brownnutt2015,
  title={Ion-trap measurements of electric-field noise near surfaces},
  author={Brownnutt, M. and Kumph, M. and Rabl, P. and Blatt, R.},
  journal={Rev. Mod. Phys.},
  volume={87},
  pages={1419--1482},
  year={2015}
}
@book{Kamenev2011,
  title={Field Theory of Non-Equilibrium Systems},
  author={Kamenev, A.},
  publisher={Cambridge University Press},
  year={2011}
}

@book{Sornette2006,
  title={Critical Phenomena in Natural Sciences: Chaos, Fractals, Selforganization and Disorder},
  author={Sornette, D.},
  edition={2nd},
  publisher={Springer},
  year={2006}
}

@article{ScheelBuhmann2008,
  author = {S. Scheel and S. Y. Buhmann},
  title = {Macroscopic quantum electrodynamics---concepts and applications},
  journal = {Acta Physica Slovaca},
  volume = {58},
  pages = {675--809},
  year = {2008}
}

@book{BuhmannDispersionForcesII,
  author = {S. Y. Buhmann},
  title = {Dispersion Forces II: Many-Body Effects, Excited Atoms, Finite Temperature and Quantum Friction},
  publisher = {Springer},
  year = {2012}
}

@article{BrownnuttRMP2015,
  author = {M. Brownnutt and M. Kumph and P. Rabl and R. Blatt},
  title = {Ion-trap measurements of electric-field noise near surfaces},
  journal = {Rev. Mod. Phys.},
  volume = {87},
  pages = {1419--1482},
  year = {2015}
}

@article{HornbergerSipe2003,
  author = {K. Hornberger and J. E. Sipe},
  title = {Collisional decoherence reexamined},
  journal = {Phys. Rev. A},
  volume = {68},
  pages = {012105},
  year = {2003}
}

@article{VacchiniHornberger2009,
  author = {B. Vacchini and K. Hornberger},
  title = {Quantum linear Boltzmann equation},
  journal = {Phys. Rep.},
  volume = {478},
  pages = {71--120},
  year = {2009}
}

@article{OghittuNJPhys2023,
  author = {O. Oghittu and J. R. Danielson and C. M. Surko},
  title = {Collisional decoherence of trapped ions by background gas},
  journal = {New J. Phys.},
  volume = {25},
  pages = {033037},
  year = {2023}
}

@article{Holevo1993,
  author = {A. S. Holevo},
  title = {A general form of quantum Markov evolution and a generalized Lindblad equation},
  journal = {Rep. Math. Phys.},
  volume = {32},
  pages = {211--216},
  year = {1993}
}

@article{VacchiniJMathPhys2001,
  author = {B. Vacchini},
  title = {Completely positive quantum dissipation},
  journal = {J. Math. Phys.},
  volume = {42},
  pages = {4291--4312},
  year = {2001}
}

@book{BreuerPetruccione2002,
  author = {H.-P. Breuer and F. Petruccione},
  title = {The Theory of Open Quantum Systems},
  publisher = {Oxford University Press},
  year = {2002}
}
